@article{Carrión:2021:NLD,
  author = {Carrión, Colicino, Pedretti, Arfer, Rush, DeFelice, Just},
  title = {Neighborhood-level disparities and subway utilization during the COVID-19 pandemic in New York City},
  journal = {Nature Communication},
  volume = {12},
  number = {3692},
  month = June,
  year = {2021},
  doi = {10.1038/s41467-021-24088-7}
}
